[
  {
    "orderId": 17,
    "type": "ask",
    "orderType": "limit",
    "size": 5000,
    "price": 568041472,
    "timestamp": 1736509554134
  },
  {
    "orderId": 18,
    "type": "ask",
    "orderType": "limit",
    "size": 6000,
    "price": -1165879296,
    "timestamp": 1736509554134
  },
  {
    "orderId": 20,
    "type": "bid",
    "orderType": "market",
    "size": 7000,
    "price": -597837824,
    "timestamp": 1736509554134
  },
  {
    "orderId": 14,
    "type": "bid",
    "orderType": "limit",
    "size": 998,
    "price": -374313216,
    "timestamp": 1736509317595
  },
  {
    "orderId": 9,
    "type": "bid",
    "orderType": "limit",
    "size": 4,
    "price": 20,
    "timestamp": 1736509317595
  },
  {
    "orderId": 16,
    "type": "ask",
    "orderType": "market",
    "size": 1000,
    "price": -374313196,
    "timestamp": 1736509317595
  },
  {
    "orderId": 14,
    "type": "bid",
    "orderType": "limit",
    "size": 2,
    "price": 180000000,
    "timestamp": 1736509236081
  },
  {
    "orderId": 15,
    "type": "ask",
    "orderType": "market",
    "size": 2,
    "price": 180000000,
    "timestamp": 1736509236081
  },
  {
    "orderId": 9,
    "type": "bid",
    "orderType": "limit",
    "size": 1,
    "price": 5,
    "timestamp": 1736509184031
  },
  {
    "orderId": 13,
    "type": "ask",
    "orderType": "market",
    "size": 1,
    "price": 5,
    "timestamp": 1736509184031
  },
  {
    "orderId": 10,
    "type": "bid",
    "orderType": "limit",
    "size": 10,
    "price": 100,
    "timestamp": 1736440026371
  },
  {
    "orderId": 11,
    "type": "ask",
    "orderType": "market",
    "size": 10,
    "price": 100,
    "timestamp": 1736440026371
  },
  {
    "orderId": 10,
    "type": "ask",
    "orderType": "limit",
    "size": 10,
    "price": 100,
    "timestamp": 1736439693024
  },
  {
    "orderId": 11,
    "type": "bid",
    "orderType": "market",
    "size": 10,
    "price": 100,
    "timestamp": 1736439693024
  },
  {
    "orderId": 10,
    "type": "bid",
    "orderType": "limit",
    "size": 10,
    "price": 100,
    "timestamp": 1736439268600
  },
  {
    "orderId": 11,
    "type": "ask",
    "orderType": "market",
    "size": 10,
    "price": 100,
    "timestamp": 1736439268600
  },
  {
    "orderId": 8,
    "type": "ask",
    "orderType": "limit",
    "size": 2,
    "price": 4,
    "timestamp": 1736438968729
  },
  {
    "orderId": 7,
    "type": "ask",
    "orderType": "limit",
    "size": 3,
    "price": 9,
    "timestamp": 1736438968729
  },
  {
    "orderId": 10,
    "type": "bid",
    "orderType": "market",
    "size": 5,
    "price": 13,
    "timestamp": 1736438968729
  }
]